@misc{girshick2014,
title={Rich feature hierarchies for accurate object detection and semantic segmentation}, 
author={Ross Girshick and Jeff Donahue and Trevor Darrell and Jitendra Malik},
year={2014},
eprint={1311.2524},
archivePrefix={arXiv},
primaryClass={cs.CV}
}

@misc{ren2016faster,
      title={Faster R-CNN: Towards Real-Time Object Detection with Region Proposal Networks}, 
      author={Shaoqing Ren and Kaiming He and Ross Girshick and Jian Sun},
      year={2016},
      eprint={1506.01497},
      archivePrefix={arXiv},
      primaryClass={cs.CV}
}

@inproceedings{redmon2016,
title={You only look once: Unified, real-time object detection},
author={Redmon, Joseph and Divvala, Santosh and Girshick, Ross and Farhadi, Ali},
booktitle={Proceedings of the IEEE conference on computer vision and pattern recognition},
pages={779--788},
year={2016}
}

 @article{yolov3,
  title={Yolov3: An incremental improvement},
  author={Redmon, Joseph and Farhadi, Ali},
  journal={arXiv preprint arXiv:1804.02767},
  year={2018}
}

@Article{rs12010044,
AUTHOR = {Ma, Haojie and Liu, Yalan and Ren, Yuhuan and Yu, Jingxian},
TITLE = {Detection of Collapsed Buildings in Post-Earthquake Remote Sensing Images Based on the Improved YOLOv3},
JOURNAL = {Remote Sensing},
VOLUME = {12},
YEAR = {2020},
NUMBER = {1},
ARTICLE-NUMBER = {44},
ISSN = {2072-4292},
DOI = {10.3390/rs12010044}
}

@misc{coursera1,
      howpublished="\url{https://www.coursera.org/learn/neural-networks-deep-learning/home/welcome}"
}

@misc{computersciencewiki,
      howpublished="\url{https://computersciencewiki.org/index.php/Max-pooling_/_Pooling}"
}

@inproceedings{Convexity,
  title={Convexity in Image-Based 3D Surface Reconstruction},
  author={K. Kolev},
  year={2012}
}

@misc{gradientdescent,
      howpublished="\url{https://towardsdatascience.com/stochastic-gradient-descent-with-momentum-a84097641a5d}"
}

@book{goodfellow,
  title={Deep learning},
  author={Goodfellow, Ian and Bengio, Yoshua and Courville, Aaron and Bengio, Yoshua},
  volume={1},
  number={2},
  year={2016},
  publisher={MIT press Cambridge}
}

@misc{gradientdescent,
      howpublished="\url{https://towardsdatascience.com/stochastic-gradient-descent-with-momentum-a84097641a5d}"
}

@INPROCEEDINGS{YOLO9000,
  author={Redmon, Joseph and Farhadi, Ali},
  booktitle={2017 IEEE Conference on Computer Vision and Pattern Recognition (CVPR)}, 
  title={YOLO9000: Better, Faster, Stronger}, 
  year={2017},
  volume={},
  number={},
  pages={6517-6525},
  doi={10.1109/CVPR.2017.690}}
  
@article{yolov3,
  title={Yolov3: An incremental improvement},
  author={Redmon, Joseph and Farhadi, Ali},
  journal={arXiv preprint arXiv:1804.02767},
  year={2018}
}

@book{opencv,
author = {Bradski, Gary and Kaehler, Adrian},
title = {Learning OpenCV: Computer Vision in C++ with the OpenCV Library},
year = {2013},
isbn = {1449314651},
publisher = {O'Reilly Media, Inc.},
edition = {2nd}
}

@misc{MATLAB_camera,
      howpublished="\url{https://www.mathworks.com/help/vision/ug/camera-calibration.html}"
}